<?xml version="1.0" encoding="UTF-8"?>
<SOAP-ENV:Envelope xmlns:SOAP-ENV="http://schemas.xmlsoap.org/soap/envelope/" xmlns:of="http://oss.dbc.dk/ns/openformat" xmlns:ofo="http://oss.dbc.dk/ns/openformatoutput"><SOAP-ENV:Body><of:formatResponse><marc:record xmlns:marc="http://www.loc.gov/MARC21/slim"><leader>00000nam a22000000c 4500</leader><controlfield tag="001">870970:04944356</controlfield><controlfield tag="003">DKDLA</controlfield><controlfield tag="005">20010128224732.0</controlfield><controlfield tag="007">ta</controlfield><controlfield tag="008">870302s1987    sw |||||||||| 00||ubswe||</controlfield><datafield ind1="1" ind2=" " tag="100"><subfield code="a">Aschan, Ulf</subfield></datafield><datafield ind1=" " ind2="0" tag="245"><subfield code="a">Baron Blixen :</subfield><subfield code="b">ett porträtt av baron Bror von Blixen-Finecke</subfield></datafield><datafield ind1=" " ind2=" " tag="260"><subfield code="b">Wiken,</subfield><subfield code="c">1987</subfield></datafield><datafield ind1=" " ind2=" " tag="300"><subfield code="a">237 sider</subfield></datafield></marc:record></of:formatResponse></SOAP-ENV:Body></SOAP-ENV:Envelope>
